<?xml version="1.0" encoding="UTF-8"?><collection xmlns="http://www.loc.gov/MARC21/slim"><record><leader>00484nam--2200181-i-4500</leader><controlfield tag="001">000038256</controlfield><controlfield tag="002">20161230</controlfield><controlfield tag="005">20161230201041</controlfield><controlfield tag="008">060222s1000------------r-----000-0-fre-d</controlfield><datafield ind1=" " ind2=" " tag="040"><subfield code="a">IFIN-HH</subfield></datafield><datafield ind1=" " ind2=" " tag="041"><subfield code="a">fre</subfield></datafield><datafield ind1=" " ind2=" " tag="080"><subfield code="a">524.822(043)</subfield></datafield><datafield ind1="1" ind2=" " tag="100"><subfield code="a">Reboul,Henri</subfield></datafield><datafield ind1="1" ind2="0" tag="245"><subfield code="a">Decalages non triviaux. quasars et isotropie de l`expasion</subfield><subfield code="b">These</subfield><subfield code="c">Henri reboul</subfield></datafield><datafield ind1=" " ind2=" " tag="260"><subfield code="a">Montpellier</subfield><subfield code="b">Universite</subfield><subfield code="c">1978</subfield></datafield><datafield ind1=" " ind2=" " tag="300"><subfield code="a">142 P</subfield></datafield><datafield ind1=" " ind2=" " tag="852"><subfield code="a">48533</subfield><subfield code="c">523.164</subfield></datafield><datafield ind1=" " ind2=" " tag="CAT"><subfield code="a">Sys</subfield><subfield code="c">20141210</subfield><subfield code="h">181532</subfield></datafield></record></collection>